% scibib.bib

% This is the .bib file used to compile the document "A simple Science
% template" (scifile.tex).  It is not intended as an example of how to
% set up your BibTeX file.

@article{SDN,
 author = {Kirkpatrick, Keith},
 title = {Software-defined Networking},
 journal = {Commun. ACM},
 issue_date = {September 2013},
 volume = {56},
 number = {9},
 month = sep,
 year = {2013},
 issn = {0001-0782},
 pages = {16--19},
 numpages = {4},
 url = {http://doi.acm.org/10.1145/2500468.2500473},
 doi = {10.1145/2500468.2500473},
 acmid = {2500473},
 publisher = {ACM},
 address = {New York, NY, USA},
} 

@article{openflow,
 author = {McKeown, Nick and Anderson, Tom and Balakrishnan, Hari and Parulkar, Guru and Peterson, Larry and Rexford, Jennifer and Shenker, Scott and Turner, Jonathan},
 title = {OpenFlow: Enabling Innovation in Campus Networks},
 journal = {SIGCOMM Comput. Commun. Rev.},
 issue_date = {April 2008},
 volume = {38},
 number = {2},
 month = mar,
 year = {2008},
 issn = {0146-4833},
 pages = {69--74},
 numpages = {6},
 url = {http://doi.acm.org/10.1145/1355734.1355746},
 doi = {10.1145/1355734.1355746},
 acmid = {1355746},
 publisher = {ACM},
 address = {New York, NY, USA},
 keywords = {ethernet switch, flow-based, virtualization},
} 

@article{traffic,
  title={Getting traffic statistics from network devices in an SDN environment using OpenFlow},
  author={Hamad, Diyar Jamal and Yalda, Khirota Gorgees and Okumus, Ibrahim Tanner},
  journal={Information Technology and Systems},
  pages={7--11},
  year={2015}
}


@inproceedings{opennetmon,
  title={Opennetmon: Network monitoring in openflow software-defined networks},
  author={Van Adrichem, Niels LM and Doerr, Christian and Kuipers, Fernando A},
  booktitle={Network Operations and Management Symposium (NOMS), 2014 IEEE},
  pages={1--8},
  year={2014},
  organization={IEEE}
}

@inproceedings{mininet,
  title={Reproducible network experiments using container-based emulation},
  author={Handigol, Nikhil and Heller, Brandon and Jeyakumar, Vimalkumar and Lantz, Bob and McKeown, Nick},
  booktitle={Proceedings of the 8th international conference on Emerging networking experiments and technologies},
  pages={253--264},
  year={2012},
  organization={ACM}
}

@inproceedings{iperf,
  title={IPERF: A framework for automatic construction of performance prediction models},
  author={Hsu, Chung-Hsing and Kremer, Ulrich},
  booktitle={Workshop on Profile and Feedback-Directed Compilation (PFDC), Paris, France},
  year={1998},
  organization={Citeseer}
}

